<?xml version="1.0" encoding="UTF-8"?><record xmlns="http://www.loc.gov/MARC21/slim" xmlns:cinclude="http://apache.org/cocoon/include/1.0" xmlns:zs="http://www.loc.gov/zing/srw/">
  <leader>00832cz  a2200169n  4500</leader>
  <controlfield tag="001">n  83053170 </controlfield>
  <controlfield tag="003">DLC</controlfield>
  <controlfield tag="005">20141230073735.0</controlfield>
  <controlfield tag="008">830126n| azannaabn          |n aaa      </controlfield>
  <datafield tag="010" ind1=" " ind2=" ">
    <subfield code="a">n  83053170 </subfield>
  </datafield>
  <datafield tag="035" ind1=" " ind2=" ">
    <subfield code="a">(OCoLC)oca00939376</subfield>
  </datafield>
  <datafield tag="040" ind1=" " ind2=" ">
    <subfield code="a">DLC</subfield>
    <subfield code="b">eng</subfield>
    <subfield code="e">rda</subfield>
    <subfield code="c">DLC</subfield>
    <subfield code="d">DLC</subfield>
    <subfield code="d">DNLM</subfield>
  </datafield>
  <datafield tag="046" ind1=" " ind2=" ">
    <subfield code="f">19431220</subfield>
  </datafield>
  <datafield tag="100" ind1="1" ind2=" ">
    <subfield code="a">Davis, Paul K.,</subfield>
    <subfield code="d">1943-</subfield>
  </datafield>
  <datafield tag="670" ind1=" " ind2=" ">
    <subfield code="a">His The Rand Strategy Assessment Center, 1983:</subfield>
    <subfield code="b">CIP t.p. (Paul K. Davis) CIP data sheet (b. 12/20/43)</subfield>
  </datafield>
  <datafield tag="670" ind1=" " ind2=" ">
    <subfield code="a">His Modeling of escalation in automated war games, 1984:</subfield>
    <subfield code="b">CIP t.p. (Paul Davis)</subfield>
  </datafield>
  <datafield tag="670" ind1=" " ind2=" ">
    <subfield code="a">RAND Corporation WWW site, December 18, 2014:</subfield>
    <subfield code="b">people page (Paul K. Davis; senior principal researcher at the RAND Corporation; professor of policy analysis in the Pardee RAND Graduate School; Ph.D. in theoretical chemical physics from the Massachusetts Institute of Technology)</subfield>
  </datafield>
</record>